<?xml version="1.0" encoding="UTF-8"?><collection xmlns="http://www.loc.gov/MARC21/slim"><record><leader>00388nam--2200133-i-4500</leader><controlfield tag="001">000045357</controlfield><controlfield tag="002">20161230</controlfield><controlfield tag="005">20161230201045</controlfield><controlfield tag="008">060222s1000------------r-----000-0-eng-d</controlfield><datafield ind1=" " ind2=" " tag="080"><subfield code="a">544/545(021)=3</subfield></datafield><datafield ind1=" " ind2=" " tag="100"><subfield code="a">Treadwell, F.P.&amp; W.D</subfield></datafield><datafield ind1=" " ind2=" " tag="245"><subfield code="a">Manuel de chimie analytique. tom i: analyse qualitative. cinquieme ed. ... nouveau tirage</subfield></datafield><datafield ind1=" " ind2=" " tag="260"><subfield code="a">Paris, Dunod, 1943, I=xx629p</subfield></datafield><datafield ind1=" " ind2=" " tag="852"><subfield code="a">797</subfield></datafield></record></collection>